<?xml version="1.0" encoding="utf-8"?>
<record xmlns="http://www.loc.gov/MARC21/slim" xmlns:xsi="http://www.w3.org/2001/XMLSchema-instance" xsi:schemaLocation="http://www.loc.gov/MARC21/slim http://www.loc.gov/standards/marcxml/schema/MARC21slim.xsd">
	<leader>
		02777nam a2200469   4500
	</leader>
	<controlfield tag="001">
		001701073
	</controlfield>
	<controlfield tag="003">
		NNU
	</controlfield>
	<controlfield tag="006">
		m        d        
	</controlfield>
	<controlfield tag="007">
		cr cn |||m|||a
	</controlfield>
	<controlfield tag="008">
		160113s1955    le fhj  ob    001 0 ara d
	</controlfield>
	<datafield ind1=" " ind2=" " tag="040">
		<subfield code="a">
			NNU
		</subfield>
		<subfield code="b">
			eng
		</subfield>
		<subfield code="e">
			rda
		</subfield>
		<subfield code="c">
			NNU
		</subfield>
	</datafield>
	<datafield ind1="0" ind2=" " tag="041">
		<subfield code="a">
			ara
		</subfield>
		<subfield code="a">
			fre
		</subfield>
	</datafield>
	<datafield ind1=" " ind2="4" tag="050">
		<subfield code="a">
			DS84
		</subfield>
		<subfield code="b">
			.H33 1955
		</subfield>
	</datafield>
	<datafield ind1="1" ind2=" " tag="100">
		<subfield code="6">
			880-01
		</subfield>
		<subfield code="a">
			Ḥaydar Aḥmad al-Shihābī, Amīr,
		</subfield>
		<subfield code="d">
			1761?-1835?
		</subfield>
	</datafield>
	<datafield ind1="1" ind2="0" tag="245">
		<subfield code="6">
			880-02
		</subfield>
		<subfield code="a">
			Tārīkh Aḥmad Bāshā al-Jazzār /
		</subfield>
		<subfield code="c">
			lil-amīr Ḥaydar Aḥmad Shihāb ; Nasharahu wa-waḍaʻa muqaddimatahu wa-ḥawāshiyah wa-fahārisahu wa-alḥaqahu bi-dhayl tārīkhī Anṭūnyūs Shiblī, Aghnātyūs ʻAbduh Khalīfah.
		</subfield>
	</datafield>
	<datafield ind1="1" ind2="5" tag="246">
		<subfield code="a">
			Histoire dʼal-Jazzar
		</subfield>
	</datafield>
	<datafield ind1=" " ind2=" " tag="260">
		<subfield code="6">
			880-03
		</subfield>
		<subfield code="a">
			Beirut :
		</subfield>
		<subfield code="b">
			Maktabat Anṭwān,
		</subfield>
		<subfield code="c">
			1955.
		</subfield>
	</datafield>
	<datafield ind1=" " ind2=" " tag="300">
		<subfield code="a">
			online resource (555, 7 pages, [1] leaf of plates) :
		</subfield>
		<subfield code="b">
			facsimiles, genealogical table
		</subfield>
	</datafield>
	<datafield ind1=" " ind2=" " tag="336">
		<subfield code="a">
			text
		</subfield>
		<subfield code="2">
			rdacontent
		</subfield>
	</datafield>
	<datafield ind1=" " ind2=" " tag="337">
		<subfield code="a">
			computer
		</subfield>
		<subfield code="2">
			rdamedia
		</subfield>
	</datafield>
	<datafield ind1=" " ind2=" " tag="338">
		<subfield code="a">
			online resource
		</subfield>
		<subfield code="2">
			rdacarrier
		</subfield>
	</datafield>
	<datafield ind1=" " ind2=" " tag="500">
		<subfield code="a">
			Part of the Arabic Collections Online (ACO) project, contributed by New York Univeristy Libraries.
		</subfield>
	</datafield>
	<datafield ind1=" " ind2=" " tag="533">
		<subfield code="a">
			Electronic reproduction.
		</subfield>
		<subfield code="b">
			New York, N.Y. :
		</subfield>
		<subfield code="c">
			New York University,
		</subfield>
		<subfield code="d">
			2016.
		</subfield>
		<subfield code="5">
			NNU
		</subfield>
	</datafield>
	<datafield ind1=" " ind2=" " tag="546">
		<subfield code="a">
			Arabic with introduction in French.
		</subfield>
	</datafield>
	<datafield ind1=" " ind2=" " tag="504">
		<subfield code="a">
			Includes bibliographical references and indexes.
		</subfield>
	</datafield>
	<datafield ind1="0" ind2="0" tag="600">
		<subfield code="6">
			880-04
		</subfield>
		<subfield code="a">
			Aḥmad Pasha al-Jazzār,
		</subfield>
		<subfield code="d">
			approximately 1730-1804.
		</subfield>
	</datafield>
	<datafield ind1="0" ind2="7" tag="600">
		<subfield code="a">
			Aḥmad Pasha al-Jazzār,
		</subfield>
		<subfield code="d">
			approximately 1730-1804.
		</subfield>
		<subfield code="2">
			fast
		</subfield>
		<subfield code="0">
			(OCoLC)fst01803606
		</subfield>
	</datafield>
	<datafield ind1="1" ind2=" " tag="700">
		<subfield code="6">
			880-05
		</subfield>
		<subfield code="a">
			Khalīfah, Ighnāṭiyūs ʻAbduh.
		</subfield>
	</datafield>
	<datafield ind1="1" ind2=" " tag="700">
		<subfield code="6">
			880-06
		</subfield>
		<subfield code="a">
			Shiblī, Anṭūniyūs.
		</subfield>
	</datafield>
	<datafield ind1="2" ind2=" " tag="710">
		<subfield code="a">
			New York University.
		</subfield>
		<subfield code="b">
			Libraries.
		</subfield>
	</datafield>
	<datafield ind1="0" ind2=" " tag="730">
		<subfield code="a">
			Arabic Collections Online.
		</subfield>
	</datafield>
	<datafield ind1="0" ind2="8" tag="776">
		<subfield code="i">
			Online version:
		</subfield>
		<subfield code="a">
			Ḥaydar Aḥmad al-Shihābī, Amīr, 1761?-1835?
		</subfield>
		<subfield code="t">
			Tārīkh Aḥmad Bāshā al-Jazzār.
		</subfield>
		<subfield code="d">
			Beirut : Maktabat Anṭwān ; 1955
		</subfield>
		<subfield code="w">
			(OCoLC)644800183
		</subfield>
	</datafield>
	<datafield ind1="0" ind2="8" tag="776">
		<subfield code="i">
			Print version:
		</subfield>
		<subfield code="a">
			Ḥaydar Aḥmad al-Shihābī, Amīr, 1761?-1835?
		</subfield>
		<subfield code="t">
			Tārīkh Aḥmad Bāshā al-Jazzār
		</subfield>
		<subfield code="w">
			(NNU)001701073
		</subfield>
	</datafield>
	<datafield ind1="4" ind2="0" tag="856">
		<subfield code="u">
			http://hdl.handle.net/2333.1/jdfn321h
		</subfield>
	</datafield>
	<datafield ind1="1" ind2=" " tag="880">
		<subfield code="6">
			100-01/
		</subfield>
		<subfield code="a">
			حيدر أحمد الشهابي، أمير،
		</subfield>
		<subfield code="d">
			1761؟-1835؟.
		</subfield>
	</datafield>
	<datafield ind1="1" ind2="0" tag="880">
		<subfield code="6">
			245-02/
		</subfield>
		<subfield code="a">
			تاريخ أحمد باشا الجزار /
		</subfield>
		<subfield code="c">
			للأمير حيدر أحمد شهاب ؛ نشره و وضع مقدمته و حواشيه و فهارسه و ألحقه بذيل تاريخي انطونيوس شبلي، اغناطيوس عبده خليفه.
		</subfield>
	</datafield>
	<datafield ind1=" " ind2=" " tag="880">
		<subfield code="6">
			260-03/
		</subfield>
		<subfield code="a">
			بيروت :
		</subfield>
		<subfield code="b">
			مكتبة انطوان،
		</subfield>
		<subfield code="c">
			١٩٥٥.
		</subfield>
	</datafield>
	<datafield ind1="0" ind2="4" tag="880">
		<subfield code="6">
			600-04/
		</subfield>
		<subfield code="a">
			أحمد باشا الجزار،,
		</subfield>
		<subfield code="d">
			approximately 1730-1804.
		</subfield>
	</datafield>
	<datafield ind1="1" ind2=" " tag="880">
		<subfield code="6">
			700-05/
		</subfield>
		<subfield code="a">
			خليفه، اغناطيوس عبده.
		</subfield>
	</datafield>
	<datafield ind1="1" ind2=" " tag="880">
		<subfield code="6">
			700-06/
		</subfield>
		<subfield code="a">
			شبلي، انطونيوس.
		</subfield>
	</datafield>
	<datafield ind1=" " ind2=" " tag="959">
		<subfield code="a">
			NNU
		</subfield>
		<subfield code="b">
			WEB
		</subfield>
		<subfield code="c">
			GENI
		</subfield>
		<subfield code="t">
			0
		</subfield>
		<subfield code="m">
			Electronic access
		</subfield>
		<subfield code="s">
			01
		</subfield>
	</datafield>
	<datafield ind1=" " ind2=" " tag="999">
		<subfield code="i">
			NNU_001701073
		</subfield>
		<subfield code="s">
			nyu_aco001318
		</subfield>
		<subfield code="e">
			(ERROR-880)
		</subfield>
	</datafield>
</record>
